<?xml version="1.0" encoding="UTF-8"?><collection xmlns="http://www.loc.gov/MARC21/slim"><record><leader>00413nam--2200157-i-4500</leader><controlfield tag="001">000024063</controlfield><controlfield tag="002">20161230</controlfield><controlfield tag="005">20170128185936</controlfield><controlfield tag="008">060222s1000------------r-----000-0-eng-d</controlfield><datafield ind1=" " ind2=" " tag="080"><subfield code="a">517.586(043)</subfield></datafield><datafield ind1=" " ind2=" " tag="100"><subfield code="a">Gheorghiu, M. Gh.Th</subfield></datafield><datafield ind1=" " ind2=" " tag="245"><subfield code="a">Sur les fonctions metaspheriques</subfield><subfield code="b">these</subfield></datafield><datafield ind1=" " ind2=" " tag="260"><subfield code="a">Timisoara</subfield><subfield code="b">Tipografia Romaneasca</subfield><subfield code="c">1935</subfield></datafield><datafield ind1=" " ind2=" " tag="300"><subfield code="a">80 p</subfield></datafield><datafield ind1=" " ind2=" " tag="852"><subfield code="a">47564</subfield><subfield code="c">517.5</subfield></datafield><datafield ind1=" " ind2=" " tag="CAT"><subfield code="a">SYS</subfield><subfield code="c">20170128</subfield><subfield code="h">185936</subfield></datafield></record></collection>